% Encoding: UTF-8

@Misc{Fortmann-Grote_Zenodo855301,
  author    = {Fortmann-Grote, Carsten},
  title     = {FELsource 4.96 keV 3fs},
  year      = {2017},
  month     = aug,
  doi       = {10.5281/zenodo.855301},
  url       = {https://doi.org/10.5281/zenodo.855301},
  keywords  = {zenodo},
  owner     = {grotec},
  timestamp = {2017.08.31},
}

@WWW{Fortmann-Grote_Youtube_XPD,
  author    = {Carsten Fortmann-Grote},
  title     = {Video tutorial on the XFEL Pulses Database},
  url       = {https://youtu.be/Ql1p5-CLHug},
  keywords  = {tutorial},
  owner     = {grotec},
  timestamp = {2017.08.31},
}

@Comment{jabref-meta: databaseType:biblatex;}
