@misc{Huebl2017,
    author    = "Huebl et al., A.",
    title     = "OpenPMD 1.0.0: A meta data standard for particle and mesh based data",
    howpublished = "https://zenodo.org/record/33624",
    year     = "2017",
}

@article {Kluge2016,
	title            = "Nanoscale femtosecond imaging of transient hot solid density plasmas with elemental and charge state sensitivity using resonant coherent diffraction",
	year             = "2016",
	author           = "Kluge et al., T",
	journal          = "Physics of Plasmas",
	volume           = "23",
	number           = "3",
	pages            = "033103 ",
	month            = "March",
	url              = "http://dx.doi.org/10.1063/1.4942786",
}

@article{Mora2003,
  title = {Plasma Expansion into a Vacuum},
  author = {Mora, P.},
  journal = {Phys. Rev. Lett.},
  volume = {90},
  issue = {18},
  pages = {185002},
  numpages = {4},
  year = {2003},
  month = {May},
  publisher = {American Physical Society},
  doi = {10.1103/PhysRevLett.90.185002},
  url = {https://link.aps.org/doi/10.1103/PhysRevLett.90.185002}
}

@misc{Garten2017,
	author = "Garten et al., M.",
    title = "ParaTAXIS X-ray scattering opt. thin + opt. thick for Milestone 4.3",
    howpublished = "https://doi.org/10.5281/zenodo.885033",
    year = "2017"
}
